<?xml version="1.0" encoding="UTF-8"?><record xmlns="http://www.loc.gov/MARC21/slim" xmlns:cinclude="http://apache.org/cocoon/include/1.0" xmlns:zs="http://www.loc.gov/zing/srw/">
  <leader>00551cz  a2200157n  4500</leader>
  <controlfield tag="001">n  85082383 </controlfield>
  <controlfield tag="003">DLC</controlfield>
  <controlfield tag="005">20080421074848.0</controlfield>
  <controlfield tag="008">860422n| acannaabn          |a ana      </controlfield>
  <datafield tag="010" ind1=" " ind2=" ">
    <subfield code="a">n  85082383 </subfield>
  </datafield>
  <datafield tag="035" ind1=" " ind2=" ">
    <subfield code="a">(OCoLC)oca01594491</subfield>
  </datafield>
  <datafield tag="040" ind1=" " ind2=" ">
    <subfield code="a">DLC</subfield>
    <subfield code="b">eng</subfield>
    <subfield code="c">DLC</subfield>
    <subfield code="d">DLC</subfield>
    <subfield code="d">OCoLC</subfield>
  </datafield>
  <datafield tag="110" ind1="1" ind2=" ">
    <subfield code="a">Sinaloa (Mexico : State).</subfield>
    <subfield code="b">Governor</subfield>
  </datafield>
  <datafield tag="410" ind1="1" ind2=" ">
    <subfield code="w">nnaa</subfield>
    <subfield code="a">Sinaloa, Mexico (State).</subfield>
    <subfield code="b">Gobernador</subfield>
  </datafield>
  <datafield tag="670" ind1=" " ind2=" ">
    <subfield code="a">Its Informe de gobierno, 1984:</subfield>
    <subfield code="b">cover (Estado de Sinaloa; Antonio Toledo Corro [Gobernador])</subfield>
  </datafield>
  <datafield tag="670" ind1=" " ind2=" ">
    <subfield code="a">LC manual cat.</subfield>
    <subfield code="b">(hdg.: Sinaloa, Mexico (State). Gobernador)</subfield>
  </datafield>
</record>